@ARTICLE{2015PhRvD..91d2003V,
   author = {J. Veitch and others},
    title = "{Parameter estimation for compact binaries with ground-based gravitational-wave observations using the LALInference software library}",
  journal = {Phys. Rev. D},
archivePrefix = "arXiv",
   eprint = {1409.7215},
 primaryClass = "gr-qc",
 keywords = {Inference methods, Gravitational waves: theory, Gravitational radiation magnetic fields and other observations},
     year = 2015,
    month = feb,
   volume = 91,
   number = 4,
      eid = {042003},
    pages = {042003},
      doi = {10.1103/PhysRevD.91.042003},
   adsurl = {http://adsabs.harvard.edu/abs/2015PhRvD..91d2003V},
  adsnote = {Provided by the SAO/NASA Astrophysics Data System}
}

@ARTICLE{2012JPhCS.363a2041P,
   author = {{Pitkin}, M. and {Gill}, C. and {Veitch}, J. and {Macdonald}, E. and
        {Woan}, G.},
    title = "{A new code for parameter estimation in searches for gravitational waves from known pulsars}",
  journal = {JPCS},
archivePrefix = "arXiv",
   eprint = {1203.2856},
 primaryClass = "astro-ph.HE",
     year = 2012,
    month = jun,
   volume = 363,
   number = 1,
      eid = {012041},
    pages = {012041},
      doi = {10.1088/1742-6596/363/1/012041},
   adsurl = {http://adsabs.harvard.edu/abs/2012JPhCS.363a2041P},
  adsnote = {Provided by the SAO/NASA Astrophysics Data System}
}

@ARTICLE{2005PhRvD..72j2002D,
   author = {{Dupuis}, R.~J. and {Woan}, G.},
    title = "{Bayesian estimation of pulsar parameters from gravitational wave data}",
  journal = {Phys. Rev. D},
   eprint = {gr-qc/0508096},
 keywords = {Gravitational wave detectors and experiments, Probability theory stochastic processes and statistics},
     year = 2005,
    month = nov,
   volume = 72,
   number = 10,
      eid = {102002},
    pages = {102002},
      doi = {10.1103/PhysRevD.72.102002},
   adsurl = {http://adsabs.harvard.edu/abs/2005PhRvD..72j2002D},
  adsnote = {Provided by the SAO/NASA Astrophysics Data System}
}

@ARTICLE{2010ApJ...713..671A,
   author = {B.~P. Abbott and others},
    title = "{Searches for Gravitational Waves from Known Pulsars with Science Run 5 LIGO Data}",
  journal = {Astrophys. J.},
archivePrefix = "arXiv",
   eprint = {0909.3583},
 primaryClass = "astro-ph.HE",
 keywords = {gravitational waves, pulsars: general},
     year = 2010,
    month = apr,
   volume = 713,
    pages = {671-685},
      doi = {10.1088/0004-637X/713/1/671},
   adsurl = {http://adsabs.harvard.edu/abs/2010ApJ...713..671A},
  adsnote = {Provided by the SAO/NASA Astrophysics Data System}
}

@article{Skilling:2006,
   author = {Skilling, J.},
  journal = {Bayesian Anal.},
   number = 4,
    pages = {833-860},
    title = {Nested sampling for general Bayesian computation},
   volume = 1,
     year = 2006,
      doi = {10.1214/06-BA127}
}

@phdthesis{Dupuisthesis,
   author = {{Dupuis}, R.~J.},
   school = {University of Glasgow},
    title = {Bayesian searches for gravitational waves from pulsars},
     year = 2004,
     note = {\url{http://theses.gla.ac.uk/5714/}}
}

@ARTICLE{1998ApJ...504..405S,
   author = {{Scargle}, J.~D.},
    title = "{Studies in Astronomical Time Series Analysis. V. Bayesian Blocks, a New Method to Analyze
Structure in Photon Counting Data}",
  journal = {Astrophys. J.},
   eprint = {astro-ph/9711233},
 keywords = {METHODS: DATA ANALYSIS, GAMMA RAYS: BURSTS, METHODS: NUMERICAL, METHODS: STATISTICAL, Gamma Rays:
Bursts, Methods: Numerical, Methods: Data Analysis, Methods: Statistical},
     year = 1998,
    month = sep,
   volume = 504,
    pages = {405-418},
      doi = {10.1086/306064},
   adsurl = {http://adsabs.harvard.edu/abs/1998ApJ...504..405S},
  adsnote = {Provided by the SAO/NASA Astrophysics Data System}
}

@ARTICLE{2015arXiv150105832J,
   author = {{Jones}, D.~I.},
    title = "{Parameter choices and ranges for continuous gravitational wave searches for steadily spinning neutron stars}",
  journal = {Mon. Not. R. Astron. Soc.},
archivePrefix = "arXiv",
   eprint = {1501.05832},
 primaryClass = "gr-qc",
 keywords = {gravitational waves, methods: data analysis, stars: neutron, stars: rotation},
     year = 2015,
    month = oct,
   volume = 453,
    pages = {53-66},
      doi = {10.1093/mnras/stv1584},
   adsurl = {http://adsabs.harvard.edu/abs/2015MNRAS.453...53J},
  adsnote = {Provided by the SAO/NASA Astrophysics Data System}
}

@ARTICLE{1998PhRvD..58f3001J,
   author = {{Jaranowski}, P. and {Kr{\'o}lak}, A. and {Schutz}, B.~F.},
    title = "{Data analysis of gravitational-wave signals from spinning neutron stars: The signal and its
detection}",
  journal = {Phys. Rev. D},
   eprint = {gr-qc/9804014},
 keywords = {Gravitational radiation detectors, mass spectrometers, and other instrumentation and techniques,
Gravitational wave detectors and experiments, Mathematical procedures and computer techniques, Pulsars},
     year = 1998,
    month = sep,
   volume = 58,
   number = 6,
      eid = {063001},
    pages = {063001},
      doi = {10.1103/PhysRevD.58.063001},
   adsurl = {http://adsabs.harvard.edu/abs/1998PhRvD..58f3001J},
  adsnote = {Provided by the SAO/NASA Astrophysics Data System}
}

@ARTICLE{2015arXiv150304866M,
   author = {{Mead}, C.},
    title = "{Gravitational Waves in G4v}",
  journal = {ArXiv e-prints},
archivePrefix = "arXiv",
   eprint = {1503.04866},
 primaryClass = "gr-qc",
 keywords = {General Relativity and Quantum Cosmology},
     year = 2015,
    month = mar,
   adsurl = {http://adsabs.harvard.edu/abs/2015arXiv150304866M},
  adsnote = {Provided by the SAO/NASA Astrophysics Data System}
}

@ARTICLE{2014PhRvX...4c1006F,
   author = {{Field}, S.~E. and {Galley}, C.~R. and {Hesthaven}, J.~S. and
        {Kaye}, J. and {Tiglio}, M.},
    title = "{Fast Prediction and Evaluation of Gravitational Waveforms Using Surrogate Models}",
  journal = {Phys. Rev. X},
archivePrefix = "arXiv",
   eprint = {1308.3565},
 primaryClass = "gr-qc",
 keywords = {Gravitational waves: theory, Numerical studies of black holes and black-hole binaries, Numerical
approximation and analysis},
     year = 2014,
    month = jul,
   volume = 4,
   number = 3,
      eid = {031006},
    pages = {031006},
      doi = {10.1103/PhysRevX.4.031006},
   adsurl = {http://adsabs.harvard.edu/abs/2014PhRvX...4c1006F},
  adsnote = {Provided by the SAO/NASA Astrophysics Data System}
}

@ARTICLE{2015PhRvL.114g1104C,
   author = {{Canizares}, P. and {Field}, S.~E. and {Gair}, J. and {Raymond}, V. and
        {Smith}, R. and {Tiglio}, M.},
    title = "{Accelerated Gravitational Wave Parameter Estimation with Reduced Order Modeling}",
  journal = {Phys. Rev. Lett.},
archivePrefix = "arXiv",
   eprint = {1404.6284},
 primaryClass = "gr-qc",
 keywords = {Gravitational wave detectors and experiments, Gravitational waves: theory, Gravitational
radiation detectors, mass spectrometers, and other instrumentation and techniques},
     year = 2015,
    month = feb,
   volume = 114,
   number = 7,
      eid = {071104},
    pages = {071104},
      doi = {10.1103/PhysRevLett.114.071104},
   adsurl = {http://adsabs.harvard.edu/abs/2015PhRvL.114g1104C},
  adsnote = {Provided by the SAO/NASA Astrophysics Data System}
}

@ARTICLE{Veitch:2010,
   author = {{Veitch}, J. and {Vecchio}, A.},
    title = "{Bayesian coherent analysis of in-spiral gravitational wave signals with a detector network}",
  journal = {Phys. Rev. D},
archivePrefix = "arXiv",
   eprint = {0911.3820},
 primaryClass = "astro-ph.CO",
 keywords = {Gravitational wave detectors and experiments, General statistical methods, Applications of Monte
Carlo methods},
     year = 2010,
    month = mar,
   volume = 81,
   number = 6,
    pages = {062003},
      doi = {10.1103/PhysRevD.81.062003},
   adsurl = {http://ukads.nottingham.ac.uk/abs/2010PhRvD..81f2003V},
  adsnote = {Provided by the SAO/NASA Astrophysics Data System}
}
  
@ARTICLE{2006MNRAS.369..655H,
   author = {{Hobbs}, G.~B. and {Edwards}, R.~T. and {Manchester}, R.~N.},
    title = "{TEMPO2, a new pulsar-timing package - I. An overview}",
  journal = {Mon. Not. R. Astron. Soc.},
   eprint = {astro-ph/0603381},
 keywords = {methods: data analysis: ephemerides: pulsars: general, methods: data analysis, ephemerides, pulsars: general},
     year = 2006,
    month = jun,
   volume = 369,
    pages = {655-672},
      doi = {10.1111/j.1365-2966.2006.10302.x},
   adsurl = {http://adsabs.harvard.edu/abs/2006MNRAS.369..655H},
  adsnote = {Provided by the SAO/NASA Astrophysics Data System}
}


@ARTICLE{2017CQGra..34a5010D,
   author = {{Davies}, G.~S. and {Pitkin}, M. and {Woan}, G.},
    title = "{A targeted spectral interpolation algorithm for the detection of continuous gravitational waves}",
  journal = {Class. Quantum Grav.},
archivePrefix = "arXiv",
   eprint = {1603.00412},
 primaryClass = "astro-ph.IM",
     year = 2017,
    month = jan,
   volume = 34,
   number = 1,
      eid = {015010},
    pages = {015010},
      doi = {10.1088/1361-6382/34/1/015010},
   adsurl = {http://adsabs.harvard.edu/abs/2017CQGra..34a5010D},
  adsnote = {Provided by the SAO/NASA Astrophysics Data System}
}

@ARTICLE{2006MNRAS.372.1549E,
   author = {{Edwards}, R.~T. and {Hobbs}, G.~B. and {Manchester}, R.~N.},
    title = "{TEMPO2, a new pulsar timing package - II. The timing model and precision estimates}",
  journal = {Mon. Not. R. Astron. Soc.},
   eprint = {astro-ph/0607664},
 keywords = {methods: data analysis, astrometry, celestial mechanics, time, pulsars: general},
     year = 2006,
    month = nov,
   volume = 372,
    pages = {1549-1574},
      doi = {10.1111/j.1365-2966.2006.10870.x},
   adsurl = {http://adsabs.harvard.edu/abs/2006MNRAS.372.1549E},
  adsnote = {Provided by the SAO/NASA Astrophysics Data System}
}

@ARTICLE{2007PhRvD..76d2006P,
   author = {{Pitkin}, M. and {Woan}, G.},
    title = "{Binary system delays and timing noise in searches for gravitational waves from known pulsars}",
  journal = {Phys. Rev. D},
   eprint = {gr-qc/0703152},
 keywords = {Pulsars, Data analysis: algorithms and implementation, data management, Gravitational wave detectors and experiments},
     year = 2007,
    month = aug,
   volume = 76,
   number = 4,
      eid = {042006},
    pages = {042006},
      doi = {10.1103/PhysRevD.76.042006},
   adsurl = {http://adsabs.harvard.edu/abs/2007PhRvD..76d2006P},
  adsnote = {Provided by the SAO/NASA Astrophysics Data System}
}

@ARTICLE{2013MNRAS.429..688Y,
   author = {{Yu}, M. and {Manchester}, R.~N. and {Hobbs}, G. and {Johnston}, S. and 
	{Kaspi}, V.~M. and {Keith}, M. and {Lyne}, A.~G. and {Qiao}, G.~J. and 
	{Ravi}, V. and {Sarkissian}, J.~M. and {Shannon}, R. and {Xu}, R.~X.
	},
    title = "{Detection of 107 glitches in 36 southern pulsars}",
  journal = {Mon. Not. R. Astron. Soc.},
archivePrefix = "arXiv",
   eprint = {1211.2035},
 primaryClass = "astro-ph.HE",
 keywords = {stars: neutron, pulsars: general},
     year = 2013,
    month = feb,
   volume = 429,
    pages = {688-724},
      doi = {10.1093/mnras/sts366},
   adsurl = {http://ukads.nottingham.ac.uk/abs/2013MNRAS.429..688Y},
  adsnote = {Provided by the SAO/NASA Astrophysics Data System}
}

@ARTICLE{2001MNRAS.326..274L,
   author = {{Lange}, C. and {Camilo}, F. and {Wex}, N. and {Kramer}, M. and 
	{Backer}, D.~C. and {Lyne}, A.~G. and {Doroshenko}, O.},
    title = "{Precision timing measurements of PSR J1012+5307}",
  journal = {Mon. Not. R. Astron. Soc.},
   eprint = {astro-ph/0102309},
 keywords = {GRAVITATION, RELATIVITY, TIME, BINARIES: GENERAL, PULSARS: GENERAL, PULSARS: INDIVIDUAL: J1012+5307},
     year = 2001,
    month = sep,
   volume = 326,
    pages = {274-282},
      doi = {10.1046/j.1365-8711.2001.04606.x},
   adsurl = {http://adsabs.harvard.edu/abs/2001MNRAS.326..274L},
  adsnote = {Provided by the SAO/NASA Astrophysics Data System}
}

@ARTICLE{1989ApJ...345..434T,
   author = {{Taylor}, J.~H. and {Weisberg}, J.~M.},
    title = "{Further experimental tests of relativistic gravity using the binary pulsar PSR 1913 + 16}",
  journal = {Astrophys. J.},
 keywords = {Binary Stars, Computational Astrophysics, Gravitation Theory, Pulsars, Relativistic Effects, Data Acquisition, Kepler Laws, Radiation Effects, Stellar Mass, Stellar Orbits},
     year = 1989,
    month = oct,
   volume = 345,
    pages = {434-450},
      doi = {10.1086/167917},
   adsurl = {http://adsabs.harvard.edu/abs/1989ApJ...345..434T},
  adsnote = {Provided by the SAO/NASA Astrophysics Data System}
}

@ARTICLE{2015MNRAS.453.4399P,
   author = {{Pitkin}, M. and {Gill}, C. and {Jones}, D.~I. and {Woan}, G. and 
	{Davies}, G.~S.},
    title = "{First results and future prospects for dual-harmonic searches for gravitational waves from spinning neutron stars}",
  journal = {Mon. Not. R. Astron. Soc.},
archivePrefix = "arXiv",
   eprint = {1508.00416},
 primaryClass = "astro-ph.HE",
 keywords = {gravitational waves, methods: data analysis, methods: statistical, stars: neutron, pulsars: general},
     year = 2015,
    month = nov,
   volume = 453,
    pages = {4399-4420},
      doi = {10.1093/mnras/stv1931},
   adsurl = {http://adsabs.harvard.edu/abs/2015MNRAS.453.4399P},
  adsnote = {Provided by the SAO/NASA Astrophysics Data System}
}

@ARTICLE{2005PhRvL..95u1101O,
   author = {{Owen}, B.~J.},
    title = "{Maximum Elastic Deformations of Compact Stars with Exotic Equations of State}",
  journal = {Phys. Rev. Lett.},
   eprint = {astro-ph/0503399},
     year = 2005,
    month = nov,
   volume = 95,
   number = 21,
      eid = {211101},
    pages = {211101},
      doi = {10.1103/PhysRevLett.95.211101},
   adsurl = {http://adsabs.harvard.edu/abs/2005PhRvL..95u1101O},
  adsnote = {Provided by the SAO/NASA Astrophysics Data System}
}

@ARTICLE{2017arXiv170107709T,
   author = {{Abbott}, B.~P. and others},
    title = "{First search for gravitational waves from known pulsars with Advanced LIGO}",
  journal = {\apj},
archivePrefix = "arXiv",
   eprint = {1701.07709},
 primaryClass = "astro-ph.HE",
 keywords = {Astrophysics - High Energy Astrophysical Phenomena, General Relativity and Quantum Cosmology},
     year = 2017,
    month = apr,
   volume = 839,
      eid = {12},
    pages = {12},
   adsurl = {http://adsabs.harvard.edu/abs/2017arXiv170107709T},
  adsnote = {Provided by the SAO/NASA Astrophysics Data System},
      doi = {10.3847/1538-4357/aa677f}
}

@article{Middleton_2015,
  doi = {10.1093/mnrasl/slv150},
  url = {http://dx.doi.org/10.1093/mnrasl/slv150},
  year = {2015},
  month = {nov},
  publisher = {Oxford University Press ({OUP})},
  volume = {455},
  number = {1},
  pages = {L72--L76},
  author = {Hannah Middleton and Walter Del Pozzo and Will M. Farr and Alberto Sesana and Alberto Vecchio},
  title = {{Astrophysical constraints on massive black hole binary evolution from pulsar timing arrays}},
  journal = {\mnras},
}

@ARTICLE{2014ApJ...785..119A,
   author = {{Aasi}, J. and {Abadie}, J. and {Abbott}, B.~P. and {Abbott}, R. and 
	{Abbott}, T. and {Abernathy}, M.~R. and {Accadia}, T. and {Acernese}, F. and 
	{Adams}, C. and {Adams}, T. and et al.},
    title = "{Gravitational Waves from Known Pulsars: Results from the Initial Detector Era}",
  journal = {\apj},
archivePrefix = "arXiv",
   eprint = {1309.4027},
 primaryClass = "astro-ph.HE",
 keywords = {gravitational waves, pulsars: general},
     year = 2014,
    month = apr,
   volume = 785,
      eid = {119},
    pages = {119},
      doi = {10.1088/0004-637X/785/2/119},
   adsurl = {http://adsabs.harvard.edu/abs/2014ApJ...785..119A},
  adsnote = {Provided by the SAO/NASA Astrophysics Data System}
}

@ARTICLE{2000physics...9033S,
   author = {{Scargle}, J.~D.},
    title = "{Bayesian Blocks: Divide and Conquer, MCMC, and Cell Coalescence Approaches}",
  journal = {ArXiv Physics e-prints},
   eprint = {physics/0009033},
 keywords = {Physics - Data Analysis, Statistics and Probability, Physics - Computational Physics},
     year = 2000,
    month = sep,
   adsurl = {http://adsabs.harvard.edu/abs/2000physics...9033S},
  adsnote = {Provided by the SAO/NASA Astrophysics Data System}
}

@ARTICLE{2009MNRAS.398.1601F,
   author = {{Feroz}, F. and {Hobson}, M.~P. and {Bridges}, M.},
    title = "{MULTINEST: an efficient and robust Bayesian inference tool for cosmology and particle physics}",
  journal = {\mnras},
archivePrefix = "arXiv",
   eprint = {0809.3437},
 keywords = {methods: data analysis , methods: statistical},
     year = 2009,
    month = oct,
   volume = 398,
    pages = {1601-1614},
      doi = {10.1111/j.1365-2966.2009.14548.x},
   adsurl = {http://adsabs.harvard.edu/abs/2009MNRAS.398.1601F},
  adsnote = {Provided by the SAO/NASA Astrophysics Data System}
}

@ARTICLE{2015MNRAS.450L..61H,
   author = {{Handley}, W.~J. and {Hobson}, M.~P. and {Lasenby}, A.~N.},
    title = "{POLYCHORD: nested sampling for cosmology}",
  journal = {\mnras},
archivePrefix = "arXiv",
   eprint = {1502.01856},
 keywords = {methods: data analysis, methods: statistical},
     year = 2015,
    month = jun,
   volume = 450,
    pages = {L61-L65},
      doi = {10.1093/mnrasl/slv047},
   adsurl = {http://adsabs.harvard.edu/abs/2015MNRAS.450L..61H},
  adsnote = {Provided by the SAO/NASA Astrophysics Data System}
}

@Article{Brewer2011,
author="Brewer, Brendon J.
and P{\'a}rtay, Livia B.
and Cs{\'a}nyi, G{\'a}bor",
title="Diffusive nested sampling",
journal="Statistics and Computing",
year="2011",
volume="21",
number="4",
pages="649--656",
archivePrefix = "arXiv",
   eprint = {0912.2380},
issn="1573-1375",
doi="10.1007/s11222-010-9198-8",
url="http://dx.doi.org/10.1007/s11222-010-9198-8"
}

@ARTICLE{2016arXiv160603757B,
   author = {{Brewer}, B.~J. and {Foreman-Mackey}, D.},
    title = "{DNest4: Diffusive Nested Sampling in C++ and Python}",
  journal = {ArXiv e-prints},
archivePrefix = "arXiv",
   eprint = {1606.03757},
 primaryClass = "stat.CO",
 keywords = {Statistics - Computation, Astrophysics - Instrumentation and Methods for Astrophysics, Physics - Data Analysis, Statistics and Probability},
     year = 2016,
    month = jun,
   adsurl = {http://adsabs.harvard.edu/abs/2016arXiv160603757B},
  adsnote = {Provided by the SAO/NASA Astrophysics Data System}
}

@article{GoodmanWeare,
  author = {{Goodman}, J. and {Weare}, J.},
  title = "{Ensemble samplers with affine invariance}",
  journal = {Applied Mathematics and Computational Science},
  year = 2010,
  volume = 5,
  number = 1,
  pages = "65--80",
  doi = "10.2140/camcos.2010.5.65"
}

@ARTICLE{2012PhRvD..85h2003L,
   author = {{Li}, T.~G.~F. and others},
    title = "{Towards a generic test of the strong field dynamics of general relativity using compact binary coalescence}",
  journal = {\prd},
archivePrefix = "arXiv",
   eprint = {1110.0530},
 primaryClass = "gr-qc",
 keywords = {Experimental tests of gravitational theories},
     year = 2012,
    month = apr,
   volume = 85,
   number = 8,
      eid = {082003},
    pages = {082003},
      doi = {10.1103/PhysRevD.85.082003},
   adsurl = {http://adsabs.harvard.edu/abs/2012PhRvD..85h2003L},
  adsnote = {Provided by the SAO/NASA Astrophysics Data System}
}


@ARTICLE{MaxCWpolariations,
   author = {{Isi}, M. and {Pitkin}, M. and {Weinstein}, A.~J.},
    title = "{Probing Dynamical Gravity with the Polarization of Continuous Gravitational Waves}",
  journal = {ArXiv e-prints},
archivePrefix = "arXiv",
   eprint = {1703.07530},
 primaryClass = "astro-ph.HE",
 keywords = {Astrophysics - High Energy Astrophysical Phenomena, General Relativity and Quantum Cosmology},
     year = 2017,
    month = mar
}

@ARTICLE{2014PhRvD..89f4023K,
   author = {{Keitel}, D. and {Prix}, R. and {Papa}, M.~A. and {Leaci}, P. and 
	{Siddiqi}, M.},
    title = "{Search for continuous gravitational waves: Improving robustness versus instrumental artifacts}",
  journal = {\prd},
archivePrefix = "arXiv",
   eprint = {1311.5738},
 primaryClass = "gr-qc",
 keywords = {Gravitational-wave astrophysics, Gravitational wave detectors and experiments, Gravitational radiation detectors, mass spectrometers, and other instrumentation and techniques, Neutron 
stars},
     year = 2014,
    month = mar,
   volume = 89,
   number = 6,
      eid = {064023},
    pages = {064023},
      doi = {10.1103/PhysRevD.89.064023},
   adsurl = {http://adsabs.harvard.edu/abs/2014PhRvD..89f4023K},
  adsnote = {Provided by the SAO/NASA Astrophysics Data System}
}

@ARTICLE{2014PhRvD..89h4060S,
   author = {{Sidery}, T. and others},
    title = "{Reconstructing the sky location of gravitational-wave detected compact binary systems: Methodology for testing and comparison}",
  journal = {\prd},
archivePrefix = "arXiv",
   eprint = {1312.6013},
 primaryClass = "astro-ph.IM",
 keywords = {Gravitational waves: theory, Late stages of stellar evolution, Binary and multiple stars, Mathematical procedures and computer techniques},
     year = 2014,
    month = apr,
   volume = 89,
   number = 8,
      eid = {084060},
    pages = {084060},
      doi = {10.1103/PhysRevD.89.084060},
   adsurl = {http://adsabs.harvard.edu/abs/2014PhRvD..89h4060S},
  adsnote = {Provided by the SAO/NASA Astrophysics Data System}
}

@ARTICLE{2015PhRvD..92b3006M,
   author = {{Messenger}, C. and others},
    title = "{Gravitational waves from Scorpius X-1: A comparison of search methods and prospects for detection with advanced detectors}",
  journal = {\prd},
archivePrefix = "arXiv",
   eprint = {1504.05889},
 primaryClass = "gr-qc",
 keywords = {Neutron stars, Gravitational waves: theory},
     year = 2015,
    month = jul,
   volume = 92,
   number = 2,
      eid = {023006},
    pages = {023006},
      doi = {10.1103/PhysRevD.92.023006},
   adsurl = {http://ukads.nottingham.ac.uk/abs/2015PhRvD..92b3006M},
  adsnote = {Provided by the SAO/NASA Astrophysics Data System}
}

@ARTICLE{2016arXiv161207864B,
   author = {{Biwer}, C. and others},
    title = "{Validating gravitational-wave detections: The Advanced LIGO hardware injection system}",
  journal = {ArXiv e-prints},
archivePrefix = "arXiv",
   eprint = {1612.07864},
 primaryClass = "astro-ph.IM",
 keywords = {Astrophysics - Instrumentation and Methods for Astrophysics, General Relativity and Quantum Cosmology},
     year = 2016,
    month = dec,
   adsurl = {http://adsabs.harvard.edu/abs/2016arXiv161207864B},
  adsnote = {Provided by the SAO/NASA Astrophysics Data System}
}

@ARTICLE{2007PhRvD..76d2001A,
   author = {{Abbott}, B. and others},
    title = "{Upper limits on gravitational wave emission from 78 radio pulsars}",
  journal = {\prd},
   eprint = {gr-qc/0702039},
 keywords = {Gravitational wave detectors and experiments, Data analysis: algorithms and implementation, data management, Gravitational radiation detectors, mass spectrometers, and other 
instrumentation and techniques, Pulsars},
     year = 2007,
    month = aug,
   volume = 76,
   number = 4,
      eid = {042001},
    pages = {042001},
      doi = {10.1103/PhysRevD.76.042001},
   adsurl = {http://adsabs.harvard.edu/abs/2007PhRvD..76d2001A},
  adsnote = {Provided by the SAO/NASA Astrophysics Data System}
}

@ARTICLE{2001PhRvD..63d4023D,
   author = {{Damour}, T. and {Iyer}, B.~R. and {Sathyaprakash}, B.~S.},
    title = "{Comparison of search templates for gravitational waves from binary inspiral}",
  journal = {\prd},
   eprint = {gr-qc/0010009},
 keywords = {Wave generation and sources, Post-Newtonian approximation, perturbation theory, related approximations, Gravitational wave detectors and experiments, Gravitational radiation detectors, mass spectrometers, and other instrumentation and techniques},
     year = 2001,
    month = feb,
   volume = 63,
   number = 4,
      eid = {044023},
    pages = {044023},
      doi = {10.1103/PhysRevD.63.044023},
   adsurl = {http://ukads.nottingham.ac.uk/abs/2001PhRvD..63d4023D},
  adsnote = {Provided by the SAO/NASA Astrophysics Data System}
}

@ARTICLE{2012arXiv1202.4031M,
   author = {{Manzotti}, A. and {Dietz}, A.},
    title = "{Prospects for early localization of gravitational-wave signals from compact binary coalescences with advanced detectors}",
  journal = {ArXiv e-prints},
archivePrefix = "arXiv",
   eprint = {1202.4031},
 primaryClass = "gr-qc",
 keywords = {General Relativity and Quantum Cosmology, Astrophysics - Cosmology and Extragalactic Astrophysics},
     year = 2012,
    month = feb,
   adsurl = {http://adsabs.harvard.edu/abs/2012arXiv1202.4031M},
  adsnote = {Provided by the SAO/NASA Astrophysics Data System}
}

@techreport{SRD,
  author = {{Lazzarini}, A. and {Weiss}, R.},
  number = {LIGO-E950018},
  year = 1996,
  title = "{LIGO Science Requirements Document (SRD)}",
  institution  = {Caltech \& MIT},
  note = {\url{https://dcc.ligo.org/LIGO-E950018/public}}
}

@techreport{aLIGOSRD,
  author = {{Shoemaker}, D.},
  title = "{Advanced LIGO anticipated sensitivity curves}",
  year = 2009,
  number = {LIGO-T0900288},
  institution  = {Caltech \& MIT},
  note = {\url{https://dcc.ligo.org/LIGO-T0900288/public}}
}

@ARTICLE{2008ApJ...683L..45A,
   author = {{Abbott}, B. and others},
    title = "{Beating the Spin-Down Limit on Gravitational Wave Emission from the Crab Pulsar}",
  journal = {\apjl},
archivePrefix = "arXiv",
   eprint = {0805.4758},
 keywords = {gravitational waves, pulsars: individual: Crab pulsar},
     year = 2008,
    month = aug,
   volume = 683,
      eid = {L45},
    pages = {L45},
      doi = {10.1086/591526},
   adsurl = {http://adsabs.harvard.edu/abs/2008ApJ...683L..45A},
  adsnote = {Provided by the SAO/NASA Astrophysics Data System}
}

@ARTICLE{2004CQGra..21S1705M,
   author = {{McNabb}, J.~W.~C. and {Ashley}, M. and {Finn}, L.~S. and {Rotthoff}, E. and 
	{Stuver}, A. and {Summerscales}, T. and {Sutton}, P. and {Tibbits}, M. and 
	{Thorne}, K. and {Zaleski}, K.},
    title = "{Overview of the BlockNormal event trigger generator}",
  journal = {Classical and Quantum Gravity},
   eprint = {gr-qc/0404123},
     year = 2004,
    month = oct,
   volume = 21,
    pages = {S1705-S1710},
      doi = {10.1088/0264-9381/21/20/013},
   adsurl = {http://adsabs.harvard.edu/abs/2004CQGra..21S1705M},
  adsnote = {Provided by the SAO/NASA Astrophysics Data System}
}

@ARTICLE{2016PhRvD..94d4031S,
   author = {{Smith}, R. and {Field}, S.~E. and {Blackburn}, K. and {Haster}, C.-J. and 
	{P{\"u}rrer}, M. and {Raymond}, V. and {Schmidt}, P.},
    title = "{Fast and accurate inference on gravitational waves from precessing compact binaries}",
  journal = {\prd},
archivePrefix = "arXiv",
   eprint = {1604.08253},
 primaryClass = "gr-qc",
     year = 2016,
    month = aug,
   volume = 94,
   number = 4,
      eid = {044031},
    pages = {044031},
      doi = {10.1103/PhysRevD.94.044031},
   adsurl = {http://ukads.nottingham.ac.uk/abs/2016PhRvD..94d4031S},
  adsnote = {Provided by the SAO/NASA Astrophysics Data System}
}

@ARTICLE{2015PhRvD..91h2002I,
   author = {{Isi}, M. and {Weinstein}, A.~J. and {Mead}, C. and {Pitkin}, M.
	},
    title = "{Detecting beyond-Einstein polarizations of continuous gravitational waves}",
  journal = {\prd},
archivePrefix = "arXiv",
   eprint = {1502.00333},
 primaryClass = "gr-qc",
 keywords = {Experimental tests of gravitational theories, Wave propagation and interactions, Modified theories of gravity, Gravitational wave detectors and experiments},
     year = 2015,
    month = apr,
   volume = 91,
   number = 8,
      eid = {082002},
    pages = {082002},
      doi = {10.1103/PhysRevD.91.082002},
   adsurl = {http://adsabs.harvard.edu/abs/2015PhRvD..91h2002I},
  adsnote = {Provided by the SAO/NASA Astrophysics Data System}
}

@ARTICLE{2009PhRvD..79h2002N,
   author = {{Nishizawa}, A. and {Taruya}, A. and {Hayama}, K. and {Kawamura}, S. and 
	{Sakagami}, M.-A.},
    title = "{Probing nontensorial polarizations of stochastic gravitational-wave backgrounds with ground-based laser interferometers}",
  journal = {\prd},
archivePrefix = "arXiv",
   eprint = {0903.0528},
 primaryClass = "astro-ph.CO",
 keywords = {Experimental tests of gravitational theories, Modified theories of gravity, Gravitational wave detectors and experiments},
     year = 2009,
    month = apr,
   volume = 79,
   number = 8,
      eid = {082002},
    pages = {082002},
      doi = {10.1103/PhysRevD.79.082002},
   adsurl = {http://adsabs.harvard.edu/abs/2009PhRvD..79h2002N},
  adsnote = {Provided by the SAO/NASA Astrophysics Data System}
}

@ARTICLE{2012PhRvD..85d3005B,
   author = {{B{\l}aut}, A.},
    title = "{Angular and frequency response of the gravitational wave interferometers in the metric theories of gravity}",
  journal = {\prd},
 keywords = {Gravitational radiation detectors, mass spectrometers, and other instrumentation and techniques, Gravitational wave detectors and experiments, Mathematical procedures and computer techniques, Pulsars},
     year = 2012,
    month = feb,
   volume = 85,
   number = 4,
      eid = {043005},
    pages = {043005},
      doi = {10.1103/PhysRevD.85.043005},
   adsurl = {http://adsabs.harvard.edu/abs/2012PhRvD..85d3005B},
  adsnote = {Provided by the SAO/NASA Astrophysics Data System}
}

@ARTICLE{2016PhRvD..94l4010W,
   author = {{Walsh}, S. and {Pitkin}, M. and {Oliver}, M. and {D'Antonio}, S. and 
	{Dergachev}, V. and {Kr{\'o}lak}, A. and {Astone}, P. and {Bejger}, M. and 
	{Di Giovanni}, M. and {Dorosh}, O. and {Frasca}, S. and {Leaci}, P. and 
	{Mastrogiovanni}, S. and {Miller}, A. and {Palomba}, C. and 
	{Papa}, M.~A. and {Piccinni}, O.~J. and {Riles}, K. and {Sauter}, O. and 
	{Sintes}, A.~M.},
    title = "{Comparison of methods for the detection of gravitational waves from unknown neutron stars}",
  journal = {\prd},
archivePrefix = "arXiv",
   eprint = {1606.00660},
 primaryClass = "gr-qc",
     year = 2016,
    month = dec,
   volume = 94,
   number = 12,
      eid = {124010},
    pages = {124010},
      doi = {10.1103/PhysRevD.94.124010},
   adsurl = {http://adsabs.harvard.edu/abs/2016PhRvD..94l4010W},
  adsnote = {Provided by the SAO/NASA Astrophysics Data System}
}

@Article{Hunter:2007,
  Author    = {{Hunter}, J. D.},
  Title     = {Matplotlib: A 2D graphics environment},
  Journal   = {Computing In Science \& Engineering},
  Volume    = {9},
  Number    = {3},
  Pages     = {90--95},
  abstract  = {Matplotlib is a 2D graphics package used for Python
  for application development, interactive scripting, and
  publication-quality image generation across user
  interfaces and operating systems.},
  publisher = {IEEE COMPUTER SOC},
  doi = {10.1109/MCSE.2007.55},
  year      = 2007
}

@misc{michael_droettboom_2017_248351,
  author       = {{Droettboom}, M. and others},
  title        = {matplotlib/matplotlib: v2.0.0},
  month        = jan,
  year         = 2017,
  doi          = {10.5281/zenodo.248351},
  url          = {https://doi.org/10.5281/zenodo.248351}
}

@misc{lalsuite,
  author = "{LIGO Scientific Collaboration}",
  title = "\uppercase{LALS}uite",
  year = 2017,
  note = "\url{https://wiki.ligo.org/DASWG/LALSuite}"
}
